@string{citala = "International Conference on Arabic Language Processing (CITALA)"}
@string{hlt = "Human Language Technologies Conference (HLT)"}
@STRING{INTERSPEECH2012   = "Proc. 13th Annu. Conf. Int. Speech Commun. Assoc. (INTERSPEECH 2012)"}
@STRING{INTERSPEECH2010   = "Proc. 11th Annu. Conf. Int. Speech Commun. Assoc. (INTERSPEECH 2010)"}
@STRING{INTERSPEECH2009   = "Proc. 10th Annu. Conf. Int. Speech Commun. Assoc. (INTERSPEECH 2009)"}
@STRING{INTERSPEECH2004   = "Proc. 8th Int. Conf. Spok. Lang. Process. (INTERSPEECH 2004)"}
@STRING{INTERSPEECH2002   = "Proc. 7th Int. Conf. Spok. Lang. Process. (INTERSPEECH 2002)"}
@string{icassp = "Proc. {ICASSP}"}
@string{icslp = "Proc. Internat. Conf. Spoken Language Processing (ICSLP)"}
@string{interspeech = {Proc. {Interspeech}}}
@string{iscslp = "International Symposium on Chinese Spoken Language Processing (ISCSLP)"}
@string{jasa = "J. Acoust. Soc. Am."}
@string{jcsl = "Computer Speech and Language"}
@string{jml = "Machine Learning"}
@string{jsc = "Speech Communication"}
@string{slt = "Proc. IEEE Workshop on Spoken Language Technology (SLT)"}
@string{sltu = "Workshop on Spoken Language Technology for Under-Resourced Languages (SLTU)"}
@string{spm = "{IEEE} Signal Processing Magazine"}
@string{tasl = "{IEEE} Trans. Audio, Speech and Language"}
@string{tassp = "{IEEE} Trans. Acoustics, Speech, and Signal Processing"}
@string{tit = "IEEE Trans. on Information Theory"}
@string{IEEE_J_STSP = "IEEE Journal on Special Topics in Signal Processing"}

@article{Baker75,
 author="James Baker",
 journal=tassp,
 keywords="speech recognition, systems, acoustic models",
 pages="24-29",
 title="The Dragon System --- An Overview",
 volume="23",
 year="1975"
}

@article{Bengio92,
 author="Y. Bengio and R. {De Mori} and G. Flammia and R. Kompe",
 journal="IEEE Trans. Neural Networks",
 keywords="speech recognition, neural networks, hybrid HMM, acoustic
     modeling, feature transformation",
 number="2",
 pages="252-259",
 title="Global optimization of a neural network - hidden {Markov}
     model hybrid",
 volume="3",
 year="1992"
}

@article{Bourlard96,
 author="Herv{\'{e}} Bourlard and Hynek Hermansky and Nelson Morgan",
 title="Towards increasing speech recognition error rates",
 journal=jsc,
 year="1996",
 volume="18",
 pages="205--231",
 issn="0167-6393"
 }

@inproceedings{Cetin2008,
 author="{\"{O}}zg{\"{u}}r {\,{C}}etin",
 booktitle=sltu,
 title="Unsupervised adaptive speech technology for limited resource 
  languages: A case study for {Tamil}",
 address="Hanoi, Vietnam",
 year="2008"
}

@inproceedings{Charoenpornsawat06,
 author="P. Charoenpornsawat and S. Hewavitharana and T. Schultz",
 year="2006",
 booktitle=hlt,
 title="Thai grapheme-based speech recognition"
 }
 
@article{Cocu2014,
 Author = {Horia Cocu and Andi Buzo and Laurent Besacier and
  Corneliu Burileanu},
 Journal = jsc,
 Pages = {195--212},
 Publisher = {Elsevier},
 Title = {{SMT}-based {ASR} domain adaptation methods for under-resourced
  languages: Application to {Romanian}},
 Volume = {56},
 Year = {2014}
 }

@article{Dahl2012,
 author="George E. Dahl and Dong Yu and Li Deng and Alex Acero",
 journal=tasl,
 volume="20",
 number="1",
 pages="30--42",
 year="2012",
 title="Context-dependent pre-trained deep neural networks for large-vocabulary
  speech recognition"
}

@article{Dempster77,
 author="A. P. Dempster and N. M. Laird and D. B. Rubin",
 journal="Journal of the Royal Statistical Society",
 pages="1-38",
 title="Maximum likelihood from incomplete data via the {EM}
     algorithm",
 volume="39",
 year="1977"
}

@article{Devries2014,
 Author = {Nic J. {de Vries} and Marelie H. Davel and Jaco Badenhorst and
  Willem D. Basson and Febe {de Wet} and Etienne Barnard and Alta {de Waal}},
 Journal = jsc,
 Pages = {119--131},
 Publisher = {Elsevier},
 Title = {A smartphone-based {ASR} data collection tool for under-resourced
  languages},
 Volume = {56},
 Year = {2014}
 }

@inproceedings{Do2012,
 author={Van Hai Do and Xiong Xiao and Eng Siong Chng and Haizhou Li},
 year="2012",
 title="Context Dependant Phone Mapping for Cross-Lingual Acoustic Modeling",
 booktitle=iscslp,
 pages="16--19"
 }

@article{Elmahdy2012,
 author="Mohamed Elmahdy and Mark Hasegawa-Johnson and Eiman Mustafawi",
 title="Hybrid Phonemic and Graphemic Modeling for {Arabic} Speech Recognition",
 journal="International Journal of Computational Linguistics",
 volume="3",
 number="1",
 pages="88--96",
 year="2012",
 issn="2180-1266"
 }

@inproceedings{Gizaw2008,
 year="2008",
 author="S. Gizaw",
 title="Multiple pronunciation model for {Amharic} speech recognition system",
 booktitle=sltu,
 address="Hanoi, Vietnam"
}

@inproceedings{Hermansky2000,
 address="Istanbul, Turkey",
 author="Hynek Hermansky and Dan Ellis and Sangita Sharma",
 booktitle="Proc. ICASSP",
 keywords="speech recognition, acoustic features, neural networks",
 title="Tandem Connectionist Feature Extraction for Conversational
     {HMM} Systems",
 year="2000"
}

@inproceedings{Hsiao2013,
 author="Roger Hsiao and Tim Ng and Franti{\v{s}}ek Gr{\'{e}}zl and
   Damianos Karakos and Stavros Tsakalidis and Long Nguyen and
   Richard Schwartz",
 title="Discriminative Semi-Supervised Training for Keyword Search in 
   Low Resource Languages",
 booktitle=interspeech,
 year="2013",
 pages="440--443"
 }
 
@inproceedings{Huang2013,
 author="Jui-Ting Huang and Jing Li and Dong Yu and Li Deng and Yifan Gong",
 booktitle=icassp,
 year="2013",
 title="Cross language knowledge transfer using multilingual deep neural 
  network with shared hidden layers"
}

@inproceedings{Huang2012,
 author="Po-Sen Huang and Mark Hasegawa-Johnson",
 title="Cross-Dialectal Data Transferring for {Gaussian} Mixture Model 
  Training in {Arabic} Speech Recognition",
 booktitle=citala,
 year="2012",
 pages="119--122",
 isbn="978-9954-9135-0-5"
 }

@inproceedings{Huang2013b,
 author="Yan Huang and Dong Yu and Yifan Gong and Chaojun Liu",
 title="Semi-Supervised {GMM} and {DNN} Acoustic Model Training with 
  Multi-system Combination and Re-calibration",
 booktitle=interspeech,
 year="2013",
 pages="2360--2363"
 }

@booklet{ipa1993,
 author="International Phonetic Association (IPA)",
 title="International Phonetic Alphabet",
 year="1993"
}

@article{Imseng2014,
 Author = {David Imseng and Petr Motlicek and Herv{\'{e}} Bourlard and
  Philip N. Garner},
 Journal = jsc,
 Pages = {142 -- 151},
 Publisher = {Elsevier},
 Title = {Using out-of-language data to improve an under-resourced speech
  recognizer},
 Volume = {56},
 Year = {2014}
 }

@techreport{Jakobson52,
 author="R. Jakobson and G. Fant and M. Halle",
 institution="MIT Acoustics Laboratory",
 keywords="phonology",
 number="13",
 title="Preliminaries to Speech Analysis",
 year="1952"
}

@article{Juang1990,
 author="Bing-Hwang Juang and Lawrence Rabiner",
 year="1990",
 journal=tassp,
 title="The segmental {K}-means algorithm for estimating parameters of 
  hidden {Markov} models",
 volume="38",
 number="9",
 pages="1639--1641"
 }

@inproceedings{Jyothi2015interspeech_hindi,
 author="Preethi Jyothi and Mark Hasegawa-Johnson",
 title="Improving {Hindi} Broadcast {ASR} by Adapting the Language 
  Model and Pronunciation Model Using A Priori Syntactic and Morphophonemic 
  Knowledge",
 booktitle=interspeech,
 year="2015"
 }

@inproceedings{Jyothi10,
 author="Preethi Jyothi and Eric Fosler-Lussier",
 title="Discriminative Language Modeling Using Simulated {ASR} Errors",
 booktitle=INTERSPEECH2010,
 month=sep,
 year="2010",
 pages="1049--1052"
}

@inproceedings{Kanthak2002,
 author="Stephan Kanthak and Hermann Ney",
 title="Context-dependent acoustic modeling using graphemes for large
   vocabulary speech recognition",
 booktitle=icassp,
 year=2002
}

@article{Kempton2014,
 Author = {Timothy Kempton and Roger K. Moore},
 Journal = jsc,
 Pages = {152 -- 166},
 Publisher = {Elsevier},
 Title = {Discovering the phoneme inventory of an unwritten language: A
  machine-assisted approach},
 Volume = {56},
 Year = {2014}
 }

@misc{Knight99,
 author="Kevin Knight and Yaser Al-Onaizin",
 title="A Primer on Finite-State Software for Natural Language Processing",
 year="1999",
 howpublished="Downloaded 3/1/2016 from {\url{http://www.isi.edu/licensed-sw/carmel/}}"
 }

@article{Ko2014,
 Author = {Tom Ko and Brian Mak},
 Journal = jsc,
 Pages = {132 -- 141},
 Publisher = {Elsevier},
 Title = {Eigentrigraphemes for under-resourced languages},
 Volume = {56},
 Year = {2014}
 }

@article{Le2009,
 author="V.-B. Le and Laurent Besacier",
 journal=tasl,
 year="2009",
 title="Automatic speech recognition for under-resourced languages: Application
  to Vietnamese",
 volume="17",
 number="8",
 pages="1471--1482"
 }

@misc{Lenzo1995,
 author="Kevin Lenzo",
 year="1995",
 title="The {CMU} Pronouncing Dictionary",
 howpublished="Downloaded 1/31/2016 from \url{http://www.speech.cs.cmu.edu/cgi-bin/cmudict}"
 }

@article{Liberto15,
 author="Giovanni {di Liberto} and James A. {O'Sullivan} and Edmund C. Lalor",
 year="2015",
 journal="Current Biology",
 title="Low-Frequency Cortical Entrainment to Speech Reflects Phoneme-Level Processing",
 volume="25",
 number="19",
 pages="2457--2465"
 }

@inproceedings{Liu15,
 author="Chunxi Liu and Preethi Jyothi and Hao Tang and Vimal Manohar
  and Rose Sloan and Tyler Kekona and Mark Hasegawa-Johnson and 
  Sanjeev Khudanpur",
 title="Adapting {ASR} for Under-resourced Languages Using Mismatched
  Transcriptions",
 booktitle=icassp,
 year="2016"
 }

@inproceedings{Loof2009,
	Author = {L{\"o}{\"o}f, Jonas and Gollan, Christian and Ney, Hermann},
	Booktitle = {Proceedings of Interspeech},
	Date-Added = {2015-09-17 20:13:03 +0000},
	Date-Modified = {2015-09-21 20:18:54 +0000},
	Title = {{Cross-language bootstrapping for unsupervised acoustic model training: rapid development of a Polish speech recognition system}},
	Year = {2009}}

@article{Mangu00,
 author= "L. Mangu and E. Brill and A. Stolcke",
 journal= "Computer, Speech and Language",
 keywords= "speech recognition rescoring, sausage word lattices",
 pages= "373-400",
 title= "Finding consensus in speech recognition: word error
     minimization and other applications of confusion networks",
 volume= "14(4)",
 year= "2000"
}

@article{Mohan2014,
 Author = {Aanchan Mohan and Richard Rose and Sina Hamidi Ghalehjegh and
  S. Umesh},
 Journal = jsc,
 Pages = {167 --180},
 Publisher = {Elsevier},
 Title = {Acoustic modelling for speech recognition in {Indian} languages
  in an agricultural commodities task domain},
 Volume = {56},
 Year = {2014}
 }

@article{Mohri2002,
 abstract="compose language model with lexicon, then minimize the
     transducer, then expand to context-dependent models, then
     minimize, then expand to PDFs, then minimize, result is a
     compact static representation of the entire LVCSR search
     space",
 author="Mehryar Mohri and Fernando Pereira and Michael Riley",
 journal=jcsl,
 pages="69-88",
 title="Weighted finite-state transducers in speech recognition",
 volume="16",
 year="2002"
}

@article{Morgan95,
 author="Nelson Morgan and Herv{\'{e}} Bourlard",
 journal=spm,
 keywords="speech recognition, neural networks, hybrid HMM,
     probability estimation",
 number="5",
 pages="25-42",
 title="Continuous Speech Recognition",
 volume="12",
 year="1995"
}

@inproceedings{Pallet90,
 author="D.S. Pallet and W.M. Fisher and J.G. Fiscus",
 title="Tools for the analysis of benchmark speech recognition tests",
 year="1990",
 booktitle=icassp,
 pages="97--100",
 volume="1",
 issn="1520-6149"
 }
 
@article{Pavlick13,
 title="The Language Demographics of {A}mazon {M}echanical {T}urk",
 author="Ellie Pavlick and Matt Post and Ann Irvine and Dmitry Kachaev and Christopher Callison-Burch",
 volume = "2",
 year="2014",
journal="Trans. Assoc. Comput. Linguist.", 
pages="79--92"
};

@article{Povey2011,
 author="Daniel Povey and Luk{\'{a}}{\v{s}} Burget and 
  Mohit Agarwal and Pinar Akyazi and Feng Kai and 
  Arnab Ghoshal and Ondrej Glembek and Nagendra Goel and
  Martin Karafi{\'{a}}t and Ariya Rastrow and Richard C. Rose
  and Petr Schwarz and Samuel Thomas",
 title="The subspace {Gaussian} mixture model---A structured model 
  for speech recognition",
 journal=jcsl,
 year="2011",
 volume="25",
 number="2",
 pages="404--439"
 }

@article{Power12,
 author="AJ Power and JJ Foxe and EJ Forde and RB Reilly and EC Lalor",
 year="2012",
 title="At what time is the cocktail party? A late locus of selective 
  attention to natural speech",
 journal="European Journal of Neuroscience",
 volume="35",
 number="9",
 pages="1497--1503"
}

@inproceedings{Scanzio2008,
 author="S. Scanzio and P. Laface and L. Fissore and R. Gemello and F. Mana",
 title="On the use of a multilingual neural network front-end",
 booktitle=interspeech,
 year="2008",
 pages="2711--2714"
 }
 
@article{Schlippe2014,
 Author = {Tim Schlippe and Sebastian Ochs and Tanja Schultz},
 Journal = jsc,
 Pages = {101 -- 118},
 Publisher = {Elsevier},
 Title = {Web-based tools and methods for rapid pronunciation dictionary
  creation},
 Volume = {56},
 Year = {2014}
 }

@article{Scudder1965,
 author="H.J. Scudder",
 title="Probability of Error of Some Adaptive Pattern-Recognition Machines",
 journal=tit,
 volume="11",
 pages="363--371",
 year="1965"
 }

@book{Shannon49,
 address="Urbana",
 author="Claude Shannon and William Weaver",
 publisher="University of Illinois Press",
 title="The Mathematical Theory of Communication",
 year="1949"
}

@inproceedings{Sim2008,
 author="Ke Chai Sim and Haizhou Li",
 year="2008",
 title="Context Sensitive Probabilistic Phone Mapping Model for Cross-lingual
  speech recognition",
 booktitle=interspeech,
 pages="2175--2718"
}

@inproceedings{Stolcke2006,
 author="A. Stolcke and F. Grezl and M.-Y. Hwang and X. Lei and N. Morgan
  and D. Vergyri",
 year="2006",
 title="Cross-domain and cross-lingual portability of acoustic features
  estimated by multilayer perceptrons",
 booktitle=icassp
 }
  
@inproceedings{Swietojanski2012,
 author="P. Swietojanski and A. Ghoshal and S. Renals",
 title="Unsupervised cross-lingual knowledge transfer in {DNN}-based {LVCSR}",
 booktitle=slt,
 year="2012"
 }

@article{Tachbelie2014,
 Author = {Martha Yifiru Tachbelie and Solomon Teferra Abate and
  Laurent Besacier},
 Journal = jsc,
 Pages = {181 -- 194},
 Publisher = {Elsevier},
 Title = {Using different acoustic, lexical and language modeling units for
  {ASR} of an under-resourced language -- {Amharic}},
 Volume = {56},
 Year = {2014}
 }

@inproceedings{Vu2012,
 author="Ngoc Than Vu and William Breiter and Florian Metze and Tanja Schultz",
 year="2012",
 title="An investigation on initialization schemes for multilayer perceptron
  training using multilingual data and their effect on {ASR} performance",
 booktitle=interspeech
 }

@inproceedings{Yoon09a,
 author="Su-Youn Yoon and Mark Hasegawa-Johnson and Richard Sproat",
 title="Automated Pronunciation Scoring using Confidence Scoring and
   Landmark-based {SVM}",
 booktitle=INTERSPEECH2009,
 year="2009",
 month = sep,
pages = "1903--1906"
}


@inproceedings{Gibson06,
 author="M. Gibson and T. Hain",
 year="2006",
 title="Hypothesis Spaces for Minimum Bayes Risk Training in Large 
  Vocabulary Speech Recognition",
 booktitle=icassp
}
