  
@article{Kaldi2011,
	Author = {Povey, D. and Ghoshal, A. and others},
	Date-Added = {2015-09-22 21:14:24 +0000},
	Date-Modified = {2015-09-22 21:14:24 +0000},
	Journal = {Proc. of ASRU},
	Title = {The {K}aldi Speech Recognition Toolkit},
	Year = {2011}}

@inproceedings{Krauwer2003,
 author="S. Krauwer",
 title="The basic language resource kit {(BLARK)} as the first milestone
  for the language resources roadmap",
 booktitle="Proc. International Workshop Speech and Coputer (SPECOM-2003)",
 year="2003",
 pages="8--15",
 address="Moscow, Russia"
 }

@phdthesis{Berment2004,
 author="V. Berment",
 year="2004",
 title="M{\'{e}}thodes pour informatiser des language des langues et 
  des groupes de langues peu dot{\'{e}}es",
 school="J. Fourier University",
 address="Grenoble"
 }
  
@inproceedings{Oparin2013,
	Author = {Oparin, Ilya and Lamel, Lori and Gauvain, Jean-Luc},
	Booktitle = {Proceedings of ICASSP},
	Date-Added = {2015-09-21 22:10:23 +0000},
	Date-Modified = {2015-09-21 22:10:39 +0000},
	Title = {Rapid development of a Latvian speech-to-text system},
	Year = {2013}}

@inproceedings{Vesely2012,
	Author = {Vesely, Karel and Karafi{\'a}t, Martin and Grezl, Frantisek and Janda, Marcel and Egorova, Ekaterina},
	Booktitle = {Proceedings of SLT},
	Date-Added = {2015-09-21 22:09:49 +0000},
	Date-Modified = {2015-09-21 22:09:59 +0000},
	Title = {The language-independent bottleneck features},
	Year = {2012}}
@misc{Carmel,
	Date-Added = {2015-09-21 19:12:24 +0000},
	Date-Modified = {2015-09-21 19:12:49 +0000},
	Howpublished = {\url{http://www.isi.edu/licensed-sw/carmel/}},
	Title = {{Carmel Finite-State Toolkit}}}

@article{Jansen2013,
	Author = {Jansen, Aren and Dupoux, Emmanuel and Goldwater, Sharon and Johnson, Mark and Khudanpur, Sanjeev and Church, Kenneth and Feldman, Naomi and Hermansky, Hynek and Metze, Florian and Rose, Richard and others},
	Date-Added = {2015-09-17 20:37:53 +0000},
	Date-Modified = {2015-09-17 20:37:57 +0000},
	Publisher = {IEEE},
	Title = {A summary of the 2012 JHU CLSP workshop on zero resource speech technologies and models of early language acquisition},
	Year = {2013}}

@article{Besacier2014,
	Author = {Besacier, Laurent and Barnard, Etienne and Karpov, Alexey and Schultz, Tanja},
	Date-Added = {2015-09-17 20:09:33 +0000},
	Date-Modified = {2015-09-17 20:09:37 +0000},
	Journal = {Speech Communication},
	Pages = {85--100},
	Publisher = {Elsevier},
	Title = {Automatic speech recognition for under-resourced languages: A survey},
	Volume = {56},
	Year = {2014}}

@inproceedings{Schultz2001,
	Author = {Schultz, Tanja and Waibel, Alex},
	Booktitle = {INTERSPEECH},
	Date-Added = {2015-09-17 19:52:40 +0000},
	Date-Modified = {2015-09-21 20:17:48 +0000},
	Title = {{Experiments on cross-language acoustic modeling}},
	Year = {2001}}

@inproceedings{Vu2011b,
	Author = {Vu, Ngoc Thang and Kraus, Franziska and Schultz, Tanja},
	Booktitle = {Proceedings of ICASSP},
	Date-Added = {2015-09-17 19:25:07 +0000},
	Date-Modified = {2015-09-21 20:16:32 +0000},
	Title = {{Cross-language bootstrapping based on completely unsupervised training using multilingual A-stabil}},
	Year = {2011}}

@inproceedings{Vu2011,
	Author = {Vu, Ngoc Thang and Kraus, Franziska and Schultz, Tanja},
	Booktitle = {Proceedings of Interspeech},
	Date-Added = {2015-09-17 19:23:31 +0000},
	Date-Modified = {2015-09-21 20:16:26 +0000},
	Organization = {Citeseer},
	Title = {{Rapid Building of an ASR System for Under-Resourced Languages Based on Multilingual Unsupervised Training}},
	Year = {2011}}

@article{Gauvain94,
	Author = {Gauvain, Jean-Luc and Lee, Chin-Hui},
	Date-Added = {2015-09-17 19:19:26 +0000},
	Date-Modified = {2015-09-17 20:09:46 +0000},
	Journal = {Speech and audio processing, ieee transactions on},
	Number = {2},
	Pages = {291--298},
	Publisher = {IEEE},
	Title = {Maximum a posteriori estimation for multivariate Gaussian mixture observations of Markov chains},
	Volume = {2},
	Year = {1994}}

@misc{SBS,
	Date-Added = {2015-09-16 17:03:21 +0000},
	Date-Modified = {2015-09-16 17:04:33 +0000},
	Howpublished = {\url{http://www.sbs.com.au/podcasts/yourlanguage}},
	Author = {{Special Broadcasting Services Australia}},
	Title = {{Podcasts in Your Language}}}

@article{Pavlick2014,
	Author = {Pavlick, Ellie and Post, Matt and Irvine, Ann and Kachaev, Dmitry and Callison-Burch, Chris},
	Date-Added = {2015-09-15 19:52:41 +0000},
	Date-Modified = {2015-09-15 19:52:41 +0000},
	Journal = {Transactions of the Association for Computational Linguistics},
	Pages = {79--92},
	Title = {The Language Demographics of {Amazon Mechanical Turk}},
	Volume = {2},
	Year = {2014}}

@book{Eskenazi2013,
	Author = {Eskenazi, Maxine and Levow, Gina-Anne and Meng, Helen and Parent, Gabriel and Suendermann, David},
	Date-Added = {2015-09-15 19:52:21 +0000},
	Date-Modified = {2015-09-15 19:52:21 +0000},
	Publisher = {John Wiley \& Sons},
	Title = {Crowdsourcing for Speech Processing: Applications to Data Collection, Transcription and Assessment},
	Year = {2013}}

@inproceedings{Novotney2010,
	Author = {Novotney, Scott and Callison-Burch, Chris},
	Booktitle = {Proceedings of NAACL HLT},
	Date-Added = {2015-09-15 19:52:12 +0000},
	Date-Modified = {2015-09-15 19:52:12 +0000},
	Title = {Cheap, fast and good enough: {Automatic} speech recognition with non-expert transcription},
	Year = {2010}}

@misc{MTurk,
	Date-Added = {2015-09-15 19:51:48 +0000},
	Date-Modified = {2015-09-15 19:51:48 +0000},
	Howpublished = {\url{http://www.mturk.com}},
        Author = {{Amazon}}, 
        Title = {{Mechanical Turk}},
	Bdsk-Url-1 = {http://www.mturk.com}}

@inproceedings{JHJ15b,
	Author = {Jyothi, Preethi and Hasegawa-Johnson, Mark},
	Booktitle = {Proceedings of Interspeech},
	Date-Added = {2015-09-13 18:38:09 +0000},
	Date-Modified = {2015-09-13 18:38:34 +0000},
	Title = {Transcribing Continuous Speech Using Mismatched Crowdsourcing},
	Year = {2015}}

@inproceedings{JHJ15a,
	Author = {Jyothi, Preethi and Hasegawa-Johnson, Mark},
	Booktitle = {Proceedings of AAAI},
	Date-Added = {2015-09-13 18:37:34 +0000},
	Date-Modified = {2015-09-21 20:19:22 +0000},
	Title = {Acquiring Speech Transcriptions Using Mismatched Crowdsourcing},
	Year = {2015}}

@inproceedings{C2,
	Author = {Jones, C.D. and Smith, A.B. and Roberts, E.F.},
	Booktitle = {Proceedings Title},
	Organization = {IEEE},
	Pages = {803-806},
	Title = {Article Title},
	Volume = {II},
	Year = {2003}}

@article{gauvain1994maximum,
	Author = {Gauvain, Jean-Luc and Lee, Chin-Hui},
	Date-Modified = {2015-09-21 20:18:44 +0000},
	Journal = {{IEEE} {T}ransactions on Speech and {A}udio {P}rocessing},
	Number = {2},
	Pages = {291--298},
	Publisher = {IEEE},
	Title = {{Maximum a posteriori estimation for multivariate Gaussian mixture observations of Markov chains}},
	Volume = {2},
	Year = {1994}}

@inproceedings{povey2012generating,
	Author = {Povey, Daniel and Hannemann, Mirko and Boulianne, Gilles and Burget, Luk{\'a}{\v{s}} and Ghoshal, Arnab and Janda, Milo{\v{s}} and Karafi{\'a}t, Martin and Kombrink, Stefan and Motlicek, Petr and Qian, Yanmin and others},
	Booktitle = {Proceedings of ICASSP},
	Date-Modified = {2015-09-21 20:17:55 +0000},
	Title = {{Generating exact lattices in the WFST framework}},
	Year = {2012}}

@incollection{mohri2008speech,
	Author = {Mohri, Mehryar and Pereira, Fernando and Riley, Michael},
	Booktitle = {Springer Handbook of Speech Processing},
	Pages = {559--584},
	Publisher = {Springer},
	Title = {Speech recognition with weighted finite-state transducers},
	Year = {2008}}

@inproceedings{vesely2013-semi,
	Author = {Vesely, Karel and Hannemann, Mirko and Burget, Lukas},
	Booktitle = {Proceedings of ASRU},
	Date-Modified = {2015-09-21 20:17:36 +0000},
	Title = {{Semi-supervised training of Deep Neural Networks}},
	Year = {2013}}

@unpublished{Lenco15,
 author="Kevin Lenzo",
 title="The {CMU} Pronouncing Dictionary",
 note="Downloaded 9/24/2015 from http://www.speech.cs.cmu.edu/cgi-bin/cmudict",
 year=2015
 }

@inproceedings{Elmahdy14,
 author="Mohamed Elmahdy and Mark Hasegawa-Johnson and Eiman Mustafawi",  
 title="Development of a {TV} Broadcasts Speech Recognition System for {Qatari}
   {Arabic}",
 booktitle="The 9th edition of the Language Resources and Evaluation
  Conference (LREC 2014)",
 isbn="9782951740884",
 address="Reykjavik, Iceland",
 year="2014"
}

@unpublished{Qahtani11,
 author="Afra Al-Qahtani and Noha Selim and Heba Al-Kababji and 
  Mohamed Elmahdy and Mark Hasegawa-Johnson and Eiman Mustafawi",
 title="The Qatari Arabic Corpus",
 note="Downloaded 9/24/2015 from http://ifp-08.ifp.uiuc.edu/public/QAC/",
 year=2011
 }

@techreport{Baayen96,
 author="R Baayen and R Piepenbrock and L Gulikers",
 title="{CELEX2}",
 year=1996,
 institution="Linguistic Data Consortium",
 number="LDC96L14"
 }

@inproceedings{Grezl14,
 author="Franti{\v{s}}ek Gr{\'{e}}zl and Martin Karafi{\'{a}}t 
  and Karel Vesel{\'{y}}",
 title="Adaptation of Multilingual Stacked Bottle-neck Neural 
  Network Structure for New Language",
 booktitle="Proc. {ICASSP}",
 pages="7704--7708",
 year=2014
}

@techreport{Canavan96,
 author="Alexandra Canavan and George Zipperlen",
 title="{CALLFRIEND} {Egyptian} {Arabic}",
 year="1996",
 institution="Linguistic Data Consortium",
 number="LDC96S49"
}

@techreport{LDC96,
 title="{CALLHOME} {Mandarin} {Chinese}",
 year="1996",
 author="Linguistic Data Consortium",
 institution="LDC",
 number="LDC1996S34"
}

@unpublished{Hasegawajohnson15,
 author="Mark Hasegawa-Johnson",
 title="{WS15} Dictionary Data",
 year="2015",
 note="Downloaded 8/29/2016 from http://isle.illinois.edu/sst/data/g2ps/"
}

@incollection{Kachru90,
	address = {New York},
	title = {Hindi-{Urdu}},
	booktitle = {The world's major languages},
	publisher = {Oxford University Press},
	author = {Kachru, Yamuna},
	editor = {Comrie, Bernard},
	year = {1990},
	pages = {399--416}
}

@misc{PHOIBLE,
	address = {Munich},
	title = {{PHOIBLE}: {Phonetics} {Information} {Base} and {Lexicon} {Online}},
	url = {http://phoible.org},
	publisher = {Max Planck Digital Library},
	author = {Moran, Steven and McCloy, Daniel R. and Wright, Richard A.},
	year = {2013}
}

@inproceedings{Shenoy08,
	address = {Florence},
	title = {Human-aided computing: utilizing implicit human processing to classify images},
	doi = {10.1145/1357054.1357188},
	booktitle = {Proceedings of the {SIGCHI} {Conference} on {Human} {Factors} in {Computing} {Systems}},
	publisher = {ACM Press},
	author = {Shenoy, Pradeep and Tan, Desney S.},
	year = {2008},
	pages = {845--854}
}

@inproceedings{Wang09,
	title = {Brain state decoding for rapid image retrieval},
	doi = {10.1145/1631272.1631463},
	booktitle = {Proceedings of the 17th {ACM} international conference on multimedia},
	publisher = {ACM Press},
	author = {Wang, Jun and Pohlmeyer, Eric and Hanna, Barbara and Jiang, Yu-Gang and Sajda, Paul and Chang, Shih-Fu},
	year = {2009},
	pages = {945--954}
}
